% Encoding: UTF-8

@Book{CostelloGwilliam2017,
  author    = {Costello, Kevin and Gwilliam, Owen},
  title     = {Factorization algebras in quantum field theory},
  date      = {2017},
  volume    = {1},
  series    = {New Mathematical Monographs},
  number    = {31},
  publisher = {Cambridge University Press},
  location  = {Cambridge},
  isbn      = {978-1-107-16310-2},
  pages     = {ix+387},
  doi       = {10.1017/9781316678626}
}

@Article{Willwacher2014,
  author         = {Willwacher, Thomas},
  title          = {M. Kontsevich's graph complex and the Grothendieck--Teichmüller Lie algebra},
  journaltitle   = {Invent. Math.},
  date           = {2014},
  volume         = {200},
  number         = {3},
  pages          = {671--760},
  issn           = {1432-1297},
  doi            = {10.1007/s00222-014-0528-x},
  eprint         = {1009.1654},
  eprinttype     = {arXiv},
  oai2identifier = {1009.1654}
}

@Misc{Sinh2007,
  author         = {Dev P. Sinha},
  title          = {A pairing between graphs and trees},
  date           = {2007},
  eprint         = {math/0502547},
  eprinttype     = {arXiv},
  note           = {Preprint},
  oai2identifier = {math/0502547}
}

@Incollection{Kontsevich1994,
  author     = {Kontsevich, Maxim},
  title      = {Feynman diagrams and low-dimensional topology},
  booktitle  = {First European Congress of Mathematics, Vol.II (Paris, 1992)},
  date       = {1994},
  volume     = {120},
  publisher  = {Birkhäuser},
  pages      = {97--121},
  doi        = {10.1007/978-3-0348-9112-7_5},
  series     = {Progr. Math.},
  location   = {Basel}
}

@Article{Kontsevich2003,
  author       = {Kontsevich, Maxim},
  title        = {Deformation quantization of Poisson manifolds},
  journaltitle = {Lett. Math. Phys.},
  date         = {2003},
  volume       = {66},
  number       = {3},
  pages        = {157--216},
  issn         = {0377-9017},
  doi          = {10.1023/B:MATH.0000027508.00421.bf},
  eprint       = {q-alg/9709040},
  eprinttype   = {arXiv},
  coden        = {LMPHDY},
  fjournal     = {Letters in Mathematical Physics. A Journal for the Rapid Dissemination of Short Contributions in the Field of Mathematical Physics}
}

@Article{Tognoli1973,
  author       = {Tognoli, A.},
  title        = {Su una congettura di Nash},
  journaltitle = {Ann. Scuola Norm. Sup. Pisa (3)},
  date         = {1973},
  volume       = {27},
  pages        = {167--185}
}

@Book{FelixOpreaTanre2008,
  author     = {Félix, Yves and Oprea, John and Tanré, Daniel},
  title      = {Algebraic models in geometry},
  date       = {2008},
  series     = {Oxford Graduate Texts in Mathematics},
  number     = {17},
  publisher  = {Oxford University Press},
  location   = {Oxford},
  isbn       = {978-0-19-920651-3},
  pages      = {xxii+460}
}

@Book{Fresse2009,
  author     = {Fresse, Benoit},
  title      = {Modules over operads and functors},
  date       = {2009},
  series     = {Lecture Notes in Mathematics},
  number     = {1967},
  publisher  = {Springer-Verlag},
  location   = {Berlin},
  isbn       = {978-3-540-89055-3},
  pages      = {x+308},
  doi        = {10.1007/978-3-540-89056-0},
  eprint     = {0704.3090},
  eprinttype = {arXiv}
}

@Article{LongoniSalvatore2005,
  author       = {Longoni, Riccardo and Salvatore, Paolo},
  title        = {Configuration spaces are not homotopy invariant},
  journaltitle = {Topology},
  date         = {2005},
  volume       = {44},
  number       = {2},
  pages        = {375--380},
  issn         = {0040-9383},
  doi          = {10.1016/j.top.2004.11.002},
  eprint       = {math/0401075},
  eprinttype   = {arXiv},
  coden        = {TPLGAF},
  fjournal     = {Topology. An International Journal of Mathematics}
}

@Article{SeveraWillwacher2011,
  author       = {Ševera, Pavol and Willwacher, Thomas},
  title        = {Equivalence of formalities of the little discs operad},
  journaltitle = {Duke Math. J.},
  date         = {2011},
  volume       = {160},
  number       = {1},
  pages        = {175--206},
  issn         = {0012-7094},
  doi          = {10.1215/00127094-1443502},
  eprint       = {0905.1789},
  eprinttype   = {arXiv},
  coden        = {DUMJAO},
  fjournal     = {Duke Mathematical Journal}
}

@Book{BoardmanVogt1973,
  author     = {Boardman, J. Michael and Vogt, Rainer M.},
  title      = {Homotopy invariant algebraic structures on topological spaces},
  date       = {1973},
  series     = {Lecture Notes in Mathematics},
  number     = {347},
  publisher  = {Springer},
  location   = {Berlin Heidelberg},
  isbn       = {978-3-540-06479-4},
  pages      = {x+257},
  doi        = {10.1007/BFb0068547},
  issn       = {0075-8434}
}

@Article{Kontsevich1999,
  author       = {Kontsevich, Maxim},
  title        = {Operads and motives in deformation quantization},
  journaltitle = {Lett. Math. Phys.},
  date         = {1999},
  volume       = {48},
  number       = {1},
  pages        = {35--72},
  issn         = {0377-9017},
  doi          = {10.1023/A:1007555725247},
  eprint       = {math/9904055},
  eprinttype   = {arXiv},
  coden        = {LMPHDY},
  fjournal     = {Letters in Mathematical Physics. A Journal for the Rapid Dissemination of Short Contributions in the Field of Mathematical Physics}
}

@Article{Severa2010,
  author       = {Ševera, Pavol},
  title        = {Formality of the chain operad of framed little disks},
  journaltitle = {Lett. Math. Phys.},
  date         = {2010},
  volume       = {93},
  number       = {1},
  pages        = {29--35},
  issn         = {0377-9017},
  doi          = {10.1007/s11005-010-0399-z},
  fjournal     = {Letters in Mathematical Physics}
}

@Article{BenderskyGitler1991,
  author       = {Bendersky, Martin and Gitler, Sam},
  title        = {The cohomology of certain function spaces},
  journaltitle = {Trans. Amer. Math. Soc.},
  date         = {1991},
  volume       = {326},
  number       = {1},
  pages        = {423--440},
  issn         = {0002-9947},
  doi          = {10.2307/2001871},
  coden        = {TAMTAM},
  fjournal     = {Transactions of the American Mathematical Society}
}

@Article{Totaro1996,
  author       = {Totaro, Burt},
  title        = {Configuration spaces of algebraic varieties},
  journaltitle = {Topology},
  date         = {1996},
  volume       = {35},
  number       = {4},
  pages        = {1057--1067},
  issn         = {0040-9383},
  doi          = {10.1016/0040-9383(95)00058-5},
  coden        = {TPLGAF},
  fjournal     = {Topology. An International Journal of Mathematics}
}

@Inproceedings{Majid1991,
  author       = {Majid, Shahn},
  title        = {Representations, duals and quantum doubles of monoidal categories},
  booktitle    = {Proceedings of the Winter School on Geometry and Physics (Srní, 1990)},
  date         = {1991},
  pages        = {197--206},
  number       = {26},
  fjournal     = {Rendiconti del Circolo Matematico di Palermo. Serie II. Supplemento},
  journaltitle = {Rend. Circ. Mat. Palermo (2) Suppl.}
}

@Article{JoyalStreet1991,
  author       = {Joyal, André and Street, Ross},
  title        = {Tortile Yang-Baxter operators in tensor categories},
  journaltitle = {J. Pure Appl. Algebra},
  date         = {1991},
  volume       = {71},
  number       = {1},
  pages        = {43--51},
  issn         = {0022-4049},
  doi          = {10.1016/0022-4049(91)90039-5},
  coden        = {JPAAA2},
  fjournal     = {Journal of Pure and Applied Algebra}
}

@Misc{Perelman2002,
  author     = {Perelman, Grisha},
  title      = {The entropy formula for the Ricci flow and its geometric applications},
  date       = {2002},
  eprint     = {math/0211159},
  eprinttype = {arXiv}
}

@Article{FadellNeuwirth1962,
  author       = {Fadell, Edward and Neuwirth, Lee},
  title        = {Configuration spaces},
  journaltitle = {Math. Scand.},
  date         = {1962},
  volume       = {10},
  pages        = {111--118},
  issn         = {0025-5521},
  fjournal     = {Mathematica Scandinavica}
}

@Article{DolgushevWillwacher2015,
  author       = {Dolgushev, Vasily and Willwacher, Thomas},
  title        = {Operadic twisting -- With an application to Deligne's conjecture},
  journaltitle = {J. Pure Appl. Algebra},
  date         = {2015},
  volume       = {219},
  number       = {5},
  pages        = {1349--1428},
  issn         = {0022-4049},
  doi          = {10.1016/j.jpaa.2014.06.010},
  fjournal     = {Journal of Pure and Applied Algebra}
}

@Article{CattaneoMneev2010,
  author       = {Cattaneo, Alberto S. and Mnëv, Pavel},
  title        = {Remarks on Chern-Simons invariants},
  journaltitle = {Comm. Math. Phys.},
  date         = {2010},
  volume       = {293},
  number       = {3},
  pages        = {803--836},
  issn         = {0010-3616},
  doi          = {10.1007/s00220-009-0959-1},
  eprint       = {0811.2045},
  eprinttype   = {arXiv},
  coden        = {CMPHAY},
  fjournal     = {Communications in Mathematical Physics}
}

@Misc{Perelman2003,
  author     = {Perelman, Grisha},
  title      = {Ricci flow with surgery on three-manifolds},
  date       = {2003},
  eprint     = {math/0303109},
  eprinttype = {arXiv}
}

@Article{AyalaFrancis2015,
  author       = {Ayala, David and Francis, John},
  title        = {Factorization homology of topological manifolds},
  journaltitle = {J. Topol.},
  date         = {2015},
  volume       = {8},
  number       = {4},
  pages        = {1045--1084},
  issn         = {1753-8416},
  doi          = {10.1112/jtopol/jtv028},
  eprint       = {1206.5522},
  eprinttype   = {arXiv},
  fjournal     = {Journal of Topology}
}

@Incollection{Lurie2009,
  author         = {Lurie, Jacob},
  title          = {On the classification of topological field theories},
  booktitle      = {Current developments in mathematics, 2008},
  date           = {2009},
  publisher      = {Int. Press, Somerville, MA},
  pages          = {129--280},
  eprint         = {0905.0465},
  eprinttype     = {arXiv},
  keywords       = {wip, wip-tqft},
  oai2identifier = {0905.0465}
}

@Article{Turchin2013,
  author       = {Turchin, Victor},
  title        = {Context-free manifold calculus and the Fulton--MacPherson operad},
  journaltitle = {Algebr. Geom. Topol.},
  date         = {2013},
  volume       = {13},
  number       = {3},
  pages        = {1243--1271},
  issn         = {1472-2747},
  doi          = {10.2140/agt.2013.13.1243},
  eprint       = {1204.0501},
  eprinttype   = {arXiv},
  fjournal     = {Algebraic & Geometric Topology}
}

@Misc{Knudsen2017,
  author     = {Knudsen, Ben},
  title      = {Betti numbers and stability for configuration spaces via factorization homology},
  date       = {2017},
  eprint     = {1405.6696},
  eprinttype = {arXiv},
  note       = {Preprint, to appear in Algebraic \& Geometric Topology}
}

@Article{NeisendorferMiller1978,
  author       = {Neisendorfer, Joseph and Miller, Timothy},
  title        = {Formal and coformal spaces},
  journaltitle = {Illinois J. Math.},
  date         = {1978},
  volume       = {22},
  number       = {4},
  pages        = {565--580},
  issn         = {0019-2082},
  url          = {http://projecteuclid.org/euclid.ijm/1256048467},
  fjournal     = {Illinois Journal of Mathematics}
}

@Article{FelixThomas2004,
  author       = {Félix, Yves and Thomas, Jean-Claude},
  title        = {Configuration spaces and Massey products},
  journaltitle = {Int. Math. Res. Not.},
  date         = {2004},
  number       = {33},
  pages        = {1685--1702},
  issn         = {1073-7928},
  doi          = {10.1155/S1073792804140270},
  eprint       = {math/0304226},
  eprinttype   = {arXiv},
  fjournal     = {International Mathematics Research Notices}
}

@Article{LambrechtsStanley2004,
  author       = {Lambrechts, Pascal and Stanley, Don},
  title        = {The rational homotopy type of configuration spaces of two points},
  journaltitle = {Ann. Inst. Fourier (Grenoble)},
  date         = {2004},
  volume       = {54},
  number       = {4},
  pages        = {1029--1052},
  issn         = {0373-0956},
  url          = {http://aif.cedram.org/item?id=AIF_2004__54_4_1029_0},
  coden        = {AIFUA7},
  fjournal     = {Université de Grenoble. Annales de l'Institut Fourier}
}

@Incollection{CohenTaylor1978,
  author     = {Cohen, F. R. and Taylor, L. R.},
  title      = {Computations of Gelfand--Fuks cohomology, the cohomology of function spaces, and the cohomology of configuration spaces},
  booktitle  = {Geometric applications of homotopy theory (Proc. Conf., Evanston, Ill., 1977), I},
  date       = {1978},
  volume     = {657},
  publisher  = {Springer},
  pages      = {106--143},
  doi        = {10.1007/BFb0069229},
  series     = {Lecture Notes in Math.},
  location   = {Berlin}
}

@Misc{Knudsen2016,
  author     = {Knudsen, Ben},
  title      = {Higher enveloping algebras},
  date       = {2016},
  eprint     = {1605.01391},
  eprinttype = {arXiv},
  note       = {Preprint}
}

@Article{LambrechtsStanley2005,
  author       = {Lambrechts, Pascal and Stanley, Don},
  title        = {Algebraic models of Poincaré embeddings},
  journaltitle = {Algebr. Geom. Topol.},
  date         = {2005},
  volume       = {5},
  pages        = {135--182 (electronic)},
  issn         = {1472-2747},
  doi          = {10.2140/agt.2005.5.135},
  eprint       = {math/0503605},
  eprinttype   = {arXiv},
  fjournal     = {Algebraic & Geometric Topology}
}

@Article{AouinaKlein2004,
  author       = {Aouina, Mokhtar and Klein, John R.},
  title        = {On the homotopy invariance of configuration spaces},
  journaltitle = {Algebr. Geom. Topol.},
  date         = {2004},
  volume       = {4},
  pages        = {813--827},
  issn         = {1472-2747},
  doi          = {10.2140/agt.2004.4.813},
  eprint       = {math/0310483},
  eprinttype   = {arXiv},
  fjournal     = {Algebraic & Geometric Topology}
}

@InBook{Cohen1976,
  author    = {Cohen, Frederick R.},
  title     = {The homology of {$C_{n+1}$} spaces, n ≥ 0},
  booktitle = {The homology of iterated loop spaces},
  date      = {1976},
  series    = {Lecture Notes in Mathematics},
  number    = {533},
  publisher = {Springer},
  location  = {Berlin Heidelberg},
  chapter   = {3},
  pages     = {207--351},
  doi       = {10.1007/BFb0080467}
}

@Article{Willwacher2016,
  author       = {Willwacher, Thomas},
  title        = {The Homotopy Braces Formality Morphism},
  journaltitle = {Duke Math. J.},
  date         = {2016},
  volume       = {165},
  number       = {10},
  pages        = {1815--1964},
  doi          = {10.1215/00127094-3450644},
  eprint       = {1109.3520},
  eprinttype   = {arXiv}
}

@Article{LambrechtsStanley2008,
  author       = {Lambrechts, Pascal and Stanley, Don},
  title        = {Poincaré duality and commutative differential graded algebras},
  journaltitle = {Ann. Sci. Éc. Norm. Supér. (4)},
  date         = {2008},
  volume       = {41},
  number       = {4},
  pages        = {495--509},
  issn         = {0012-9593},
  eprint       = {math/0701309},
  eprinttype   = {arXiv},
  fjournal     = {Annales Scientifiques de l'École Normale Supérieure. Quatrième Série}
}

@Article{Levitt1995,
  author       = {Levitt, Norman},
  title        = {Spaces of arcs and configuration spaces of manifolds},
  journaltitle = {Topology},
  date         = {1995},
  volume       = {34},
  number       = {1},
  pages        = {217--230},
  issn         = {0040-9383},
  doi          = {10.1016/0040-9383(94)E0012-9},
  fjournal     = {Topology. An International Journal of Mathematics}
}

@Article{Arnold1969,
  author       = {Arnol'd, V. I.},
  title        = {The cohomology ring of the group of dyed braids},
  journaltitle = {Mat. Zametki},
  date         = {1969},
  volume       = {5},
  pages        = {227--231},
  issn         = {0025-567X},
  doi          = {10.1007/978-3-642-31031-7_18},
  fjournal     = {Akademiya Nauk SSSR. Matematicheskie Zametki}
}

@Article{KajiuraStasheff2006a,
  author       = {Kajiura, Hiroshige and Stasheff, Jim},
  title        = {Open-closed homotopy algebra in mathematical physics},
  journaltitle = {J. Math. Phys.},
  date         = {2006},
  volume       = {47},
  number       = {2},
  pages        = {023506, 28},
  issn         = {0022-2488},
  doi          = {10.1063/1.2171524},
  eprint       = {hep-th/0510118},
  eprinttype   = {arXiv},
  coden        = {JMAPAQ},
  fjournal     = {Journal of Mathematical Physics}
}

@Misc{Willwacher2017a,
  author        = {Thomas Willwacher},
  title         = {(Non-)formality of the extended Swiss Cheese operads},
  date          = {2017-06-09},
  eprint        = {1706.02945v1},
  eprintclass   = {math.QA},
  eprinttype    = {arXiv},
  note          = {Preprint},
  __markedentry = {[Najib:]},
  abstract      = {We study two colored operads of configurations of little n-disks in a unit n-disk, with the centers of the small disks of one color restricted to an m-plane, m<n. We compute the rational homotopy type of these extended Swiss Cheese operads and show how they are connected to the rational homotopy types of the inclusion maps from the little m-disks to the little n-disks operad.},
  keywords      = {math.QA, math.AT}
}

@Book{Mac1998,
  author    = {Mac Lane, Saunders},
  title     = {Categories for the working mathematician},
  date      = {1998},
  edition   = {2},
  series    = {Graduate Texts in Mathematics},
  number    = {5},
  publisher = {Springer-Verlag},
  location  = {New York},
  isbn      = {0-387-98403-8},
  pages     = {xii+314}
}

@Article{KajiuraStasheff2006,
  author       = {Kajiura, Hiroshige and Stasheff, Jim},
  title        = {Homotopy algebras inspired by classical open-closed string field theory},
  journaltitle = {Comm. Math. Phys.},
  date         = {2006},
  volume       = {263},
  number       = {3},
  pages        = {553--581},
  issn         = {0010-3616},
  doi          = {10.1007/s00220-006-1539-2},
  eprint       = {math/0410291},
  eprinttype   = {arXiv},
  coden        = {CMPHAY},
  fjournal     = {Communications in Mathematical Physics}
}

@Article{Sinha2006,
  author       = {Sinha, Dev P.},
  title        = {Operads and knot spaces},
  journaltitle = {J. Amer. Math. Soc.},
  date         = {2006},
  volume       = {19},
  number       = {2},
  pages        = {461--486 (electronic)},
  issn         = {0894-0347},
  doi          = {10.1090/S0894-0347-05-00510-2},
  fjournal     = {Journal of the American Mathematical Society}
}

@Article{GinzburgKapranov1994,
  author       = {Ginzburg, Victor and Kapranov, Mikhail},
  title        = {Koszul duality for operads},
  journaltitle = {Duke Math. J.},
  date         = {1994},
  volume       = {76},
  number       = {1},
  pages        = {203--272},
  issn         = {0012-7094},
  doi          = {10.1215/S0012-7094-94-07608-4},
  coden        = {DUMJAO},
  fjournal     = {Duke Mathematical Journal}
}

@Article{Sinha2004,
  author       = {Sinha, Dev P.},
  title        = {Manifold-theoretic compactifications of configuration spaces},
  journaltitle = {Selecta Math. (N.S.)},
  date         = {2004},
  volume       = {10},
  number       = {3},
  pages        = {391--428},
  issn         = {1022-1824},
  doi          = {10.1007/s00029-004-0381-7},
  eprint       = {math/0306385},
  eprinttype   = {arXiv},
  coden        = {SMATF6},
  fjournal     = {Selecta Mathematica. New Series}
}

@Article{LambrechtsStanley2008a,
  author       = {Lambrechts, Pascal and Stanley, Don},
  title        = {A remarkable DGmodule model for configuration spaces},
  journaltitle = {Algebr. Geom. Topol.},
  date         = {2008},
  volume       = {8},
  number       = {2},
  pages        = {1191--1222},
  issn         = {1472-2747},
  doi          = {10.2140/agt.2008.8.1191},
  eprint       = {0707.2350},
  eprinttype   = {arXiv},
  fjournal     = {Algebraic & Geometric Topology}
}

@Book{LodayVallette2012,
  author     = {Loday, Jean-Louis and Vallette, Bruno},
  title      = {Algebraic operads},
  date       = {2012},
  series     = {Grundlehren der Mathematischen Wissenschaften [Fundamental Principles of Mathematical Sciences]},
  number     = {346},
  publisher  = {Springer},
  location   = {Heidelberg},
  isbn       = {978-3-642-30361-6},
  pages      = {xxiv+634},
  doi        = {10.1007/978-3-642-30362-3}
}

@Article{DwyerHess2012,
  author       = {Dwyer, William and Hess, Kathryn},
  title        = {Long knots and maps between operads},
  journaltitle = {Geom. Topol.},
  date         = {2012},
  volume       = {16},
  number       = {2},
  pages        = {919--955},
  issn         = {1465-3060},
  doi          = {10.2140/gt.2012.16.919},
  eprint       = {1006.0874},
  eprinttype   = {arXiv},
  fjournal     = {Geometry & Topology}
}

@Article{AyalaFrancisTanaka2017,
  author       = {Ayala, David and Francis, John and Tanaka, Hiro Lee},
  title        = {Local structures on stratified spaces},
  journaltitle = {Adv. Math.},
  date         = {2017},
  volume       = {307},
  pages        = {903--1028},
  issn         = {0001-8708},
  doi          = {10.1016/j.aim.2016.11.032},
  eprint       = {1409.0501},
  eprinttype   = {arXiv},
  fjournal     = {Advances in Mathematics},
  keywords     = {wip, wip-hhh}
}

@Article{GoodwillieWeiss1999,
  author       = {Goodwillie, Thomas G. and Weiss, Michael},
  title        = {Embeddings from the point of view of immersion theory : Part II},
  journaltitle = {Geom. Topol.},
  date         = {1999},
  volume       = {3},
  pages        = {103–118 (electronic)},
  doi          = {10.2140/gt.1999.3.103},
  fjournal     = {Geometry and Topology}
}

@Incollection{Voronov1999,
  author     = {Voronov, Alexander A.},
  title      = {The Swiss-cheese operad},
  booktitle  = {Homotopy invariant algebraic structures (Baltimore, MD, 1998)},
  date       = {1999},
  publisher  = {Amer. Math. Soc.},
  pages      = {365--373},
  doi        = {10.1090/conm/239/03610},
  eprint     = {math/9807037},
  eprinttype = {arXiv},
  series     = {Contemp. Math.},
  number     = {239},
  location   = {Providence, RI}
}

@Article{Livernet2015,
  author       = {Livernet, Muriel},
  title        = {Non-formality of the Swiss-cheese operad},
  journaltitle = {J. Topol.},
  date         = {2015},
  volume       = {8},
  number       = {4},
  pages        = {1156--1166},
  doi          = {10.1112/jtopol/jtv018},
  eprint       = {1404.2484},
  eprinttype   = {arXiv}
}

@Incollection{McClureSmith2002,
  author     = {McClure, James E. and Smith, Jeffrey H.},
  title      = {A solution of Deligne's Hochschild cohomology conjecture},
  booktitle  = {Recent progress in homotopy theory (Baltimore, MD, 2000)},
  date       = {2002},
  publisher  = {Amer. Math. Soc.},
  pages      = {153--193},
  doi        = {10.1090/conm/293/04948},
  series     = {Contemp. Math.},
  number     = {293},
  location   = {Providence, RI}
}

@Article{Tamarkin2003,
  author       = {Tamarkin, Dmitry E.},
  title        = {Formality of chain operad of little discs},
  journaltitle = {Lett. Math. Phys.},
  date         = {2003},
  volume       = {66},
  number       = {1-2},
  pages        = {65--72},
  issn         = {0377-9017},
  doi          = {10.1023/B:MATH.0000017651.12703.a1},
  coden        = {LMPHDY},
  fjournal     = {Letters in Mathematical Physics. A Journal for the Rapid Dissemination of Short Contributions in the Field of Mathematical Physics}
}

@Article{Sullivan1977,
  author       = {Sullivan, Dennis},
  title        = {Infinitesimal computations in topology},
  journaltitle = {Inst. Hautes Études Sci. Publ. Math.},
  date         = {1977},
  volume       = {47},
  number       = {47},
  pages        = {269--3311978},
  issn         = {0073-8301},
  eprint       = {PMIHES_1977__47__269_0},
  eprinttype   = {numdam},
  fjournal     = {Institut des Hautes Études Scientifiques. Publications Mathématiques},
  keywords     = {kansem}
}

@Unpublished{Lurie2016,
  author = {Lurie, Jacob},
  title  = {Higher Algebra},
  date   = {2016},
  note   = {Preprint},
  url    = {http://www.math.harvard.edu/~lurie/papers/HA.pdf}
}

@Article{AxelrodSinger1994,
  author       = {Axelrod, Scott and Singer, I. M.},
  title        = {Chern-Simons perturbation theory. II},
  journaltitle = {J. Differential Geom.},
  date         = {1994},
  volume       = {39},
  number       = {1},
  pages        = {173--213},
  issn         = {0022-040X},
  eprint       = {hep-th/9304087},
  eprinttype   = {arXiv},
  url          = {http://projecteuclid.org/euclid.jdg/1214454681},
  coden        = {JDGEAS},
  fjournal     = {Journal of Differential Geometry}
}

@Misc{FresseTurchinWillwacher2017,
  author     = {Fresse, Benoit and Turchin, Victor and Willwacher, Thomas},
  title      = {The rational homotopy of mapping spaces of {$E_n$} operads},
  date       = {2017},
  eprint     = {1703.06123},
  eprinttype = {arXiv},
  note       = {Preprint}
}

@Article{Idrissi2017,
  author       = {Idrissi, Najib},
  title        = {Swiss-Cheese operad and Drinfeld center},
  journaltitle = {Israel J. Math},
  date         = {2017},
  volume       = {221},
  number       = {2},
  pages        = {941--972},
  doi          = {10.1007/s11856-017-1579-7},
  eprint       = {1507.06844},
  eprinttype   = {arXiv}
}

@PhdThesis{Tamarkin1998,
  author      = {Tamarkin, Dmitry E.},
  title       = {Another proof of M. Kontsevich formality theorem},
  institution = {Penn. State University},
  date        = {1998},
  eprint      = {math/9803025},
  eprinttype  = {arXiv}
}

@Article{CordovaBulens2015,
  author       = {Cordova Bulens, Hector},
  title        = {Rational model of the configuration space of two points in a simply connected closed manifold},
  journaltitle = {Proc. Amer. Math. Soc.},
  date         = {2015},
  volume       = {143},
  number       = {12},
  pages        = {5437--5453},
  issn         = {0002-9939},
  doi          = {10.1090/proc/12666},
  eprint       = {1505.06290},
  eprinttype   = {arXiv},
  fjournal     = {Proceedings of the American Mathematical Society}
}

@Misc{Idrissi2016,
  author     = {Idrissi, Najib},
  title      = {The Lambrechts--Stanley Model of Configuration Spaces},
  date       = {2016},
  eprint     = {1608.08054},
  eprinttype = {arXiv},
  note       = {Preprint (submitted)}
}

@Article{Hoefel2009,
  author       = {Hoefel, Eduardo},
  title        = {OCHA and the swiss-cheese operad},
  journaltitle = {J. Homotopy Relat. Struct.},
  date         = {2009},
  volume       = {4},
  number       = {1},
  pages        = {123--151},
  eprint       = {0710.3546},
  eprinttype   = {arXiv},
  fjournal     = {Journal of Homotopy and Related Structures}
}

@Article{Kriz1994,
  author       = {Kriz, Igor},
  title        = {On the rational homotopy type of configuration spaces},
  journaltitle = {Ann. of Math. (2)},
  date         = {1994},
  volume       = {139},
  number       = {2},
  pages        = {227--237},
  issn         = {0003-486X},
  doi          = {10.2307/2946581},
  coden        = {ANMAAH},
  fjournal     = {Annals of Mathematics. Second Series}
}

@Incollection{Kontsevich1993a,
  author     = {Kontsevich, Maxim},
  title      = {Formal (non)commutative symplectic geometry},
  booktitle  = {The Gel'fand Mathematical Seminars, 1990--1992},
  date       = {1993},
  publisher  = {Birkhäuser Boston},
  pages      = {173--187},
  doi        = {10.1007/978-1-4612-0345-2_11},
  location   = {Boston, MA}
}

@Book{BeilinsonDrinfeld2004,
  author     = {Beilinson, Alexander and Drinfeld, Vladimir},
  title      = {Chiral algebras},
  date       = {2004},
  series     = {American Mathematical Society Colloquium Publications},
  number     = {51},
  publisher  = {American Mathematical Society},
  location   = {Providence, RI},
  isbn       = {0-8218-3528-9},
  pages      = {vi+375}
}

@Misc{CordovaBulensLambrechtsStanley2015a,
  author     = {Cordova Bulens, Hector and Lambrechts, Pascal and Stanley, Donald},
  title      = {Rational models of the complement of a subpolyhedron in a manifold with boundary},
  date       = {2015},
  eprint     = {1505.04816},
  eprinttype = {arXiv},
  note       = {Preprint}
}

@Misc{Moriya2016,
  author     = {Moriya, Syunji},
  title      = {Non-formality of the odd dimensional framed little balls operads},
  date       = {2016},
  eprint     = {1609.06800},
  eprinttype = {arXiv},
  note       = {Preprint}
}

@Article{AroneTurchin2014,
  author         = {Arone, Gregory and Turchin, Victor},
  title          = {On the rational homology of high dimensional analogues of spaces of long knots},
  journaltitle   = {Geom. Topol.},
  date           = {2014},
  volume         = {18},
  number         = {3},
  pages          = {1261--1322},
  issn           = {1465-3060},
  doi            = {10.2140/gt.2014.18.1261},
  eprint         = {1105.1576},
  eprinttype     = {arXiv},
  fjournal       = {Geometry & Topology},
  oai2identifier = {1105.1576}
}

@Misc{CordovaBulensLambrechtsStanley2015,
  author     = {Cordova Bulens, Hector and Lambrechts, Pascal and Stanley, Donald},
  title      = {Pretty rational models for Poincaré duality pairs},
  date       = {2015},
  eprint     = {1505.04818},
  eprinttype = {arXiv},
  note       = {Preprint}
}

@Article{Nash1952,
  author       = {Nash, John},
  title        = {Real algebraic manifolds},
  journaltitle = {Ann. of Math. (2)},
  date         = {1952},
  volume       = {56},
  pages        = {405--421},
  issn         = {0003-486X},
  fjournal     = {Annals of Mathematics. Second Series}
}

@Book{May1972,
  author     = {May, J. Peter},
  title      = {The geometry of iterated loop spaces},
  date       = {1972},
  series     = {Lectures Notes in Mathematics},
  number     = {271},
  publisher  = {Springer-Verlag},
  location   = {Berlin},
  pages      = {viii+175},
  doi        = {10.1007/BFb0067491},
  keywords   = {kansem}
}

@Article{BoavidaWeiss2013,
  author       = {Boavida de Brito, Pedro and Weiss, Michael},
  title        = {Manifold calculus and homotopy sheaves},
  journaltitle = {Homology Homotopy Appl.},
  date         = {2013},
  volume       = {15},
  number       = {2},
  pages        = {361--383},
  issn         = {1532-0073},
  doi          = {10.4310/HHA.2013.v15.n2.a20},
  eprint       = {1202.1305},
  eprinttype   = {arXiv},
  fjournal     = {Homology, Homotopy and Applications}
}

@InBook{Ginot2015,
  author     = {Ginot, Grégory},
  title      = {Notes on Factorization Algebras, Factorization Homology and Applications},
  booktitle  = {Mathematical Aspects of Quantum Field Theories},
  date       = {2015},
  editor     = {Calaque, Damien and Strobl, Thomas},
  series     = {Mathematical Physics Studies},
  publisher  = {Springer International Publishing},
  location   = {Cham},
  isbn       = {978-3-319-09948-4},
  pages      = {429--552},
  doi        = {10.1007/978-3-319-09949-1_13},
  eprint     = {1307.5213},
  eprinttype = {arXiv},
  keywords   = {wip, wip-hhh, wip-tqft}
}

@Incollection{GiansiracusaSalvatore2010,
  author     = {Giansiracusa, Jeffrey and Salvatore, Paolo},
  title      = {Formality of the framed little 2-discs operad and semidirect products},
  booktitle  = {Homotopy theory of function spaces and related topics},
  date       = {2010},
  publisher  = {Amer. Math. Soc.},
  pages      = {115--121},
  doi        = {10.1090/conm/519/10236},
  eprint     = {0911.4428},
  eprinttype = {arXiv},
  series     = {Contemp. Math.},
  number     = {519},
  location   = {Providence, RI}
}

@Misc{FresseWillwacher2015,
  author     = {Fresse, Benoit and Willwacher, Thomas},
  title      = {The intrinsic formality of {$E_n$}-operads},
  date       = {2015},
  eprint     = {1503.08699},
  eprinttype = {arXiv},
  note       = {Preprint}
}

@Article{HardtLambrechtsTurchinVolic2011,
  author       = {Hardt, Robert and Lambrechts, Pascal and Turchin, Victor and Volić, Ismar},
  title        = {Real homotopy theory of semi-algebraic sets},
  journaltitle = {Algebr. Geom. Topol.},
  date         = {2011},
  volume       = {11},
  number       = {5},
  pages        = {2477--2545},
  issn         = {1472-2747},
  doi          = {10.2140/agt.2011.11.2477},
  eprint       = {0806.0476},
  eprinttype   = {arXiv},
  fjournal     = {Algebraic & Geometric Topology}
}

@Article{HoefelLivernet2012,
  author       = {Hoefel, Eduardo and Livernet, Muriel},
  title        = {Open-closed homotopy algebras and strong homotopy Leibniz pairs through Koszul operad theory},
  journaltitle = {Lett. Math. Phys.},
  date         = {2012},
  volume       = {101},
  number       = {2},
  pages        = {195--222},
  issn         = {0377-9017},
  doi          = {10.1007/s11005-012-0556-7},
  eprint       = {1104.3607},
  eprinttype   = {arXiv},
  coden        = {LMPHDY},
  fjournal     = {Letters in Mathematical Physics. A Journal for the Rapid Dissemination of Short Contributions in the Field of Mathematical Physics}
}

@Article{LambrechtsVolic2014,
  author         = {Lambrechts, Pascal and Volić, Ismar},
  title          = {Formality of the little N-disks operad},
  journaltitle   = {Mem. Amer. Math. Soc.},
  date           = {2014},
  volume         = {230},
  number         = {1079},
  pages          = {viii+116},
  issn           = {0065-9266},
  doi            = {10.1090/memo/1079},
  eprint         = {0808.0457},
  eprinttype     = {arXiv},
  fjournal       = {Memoirs of the American Mathematical Society},
  isbn           = {978-0-8218-9212-1},
  oai2identifier = {0808.0457}
}

@Book{Fresse2017,
  author    = {Fresse, Benoit},
  title     = {Homotopy of Operads and Grothendieck--Teichmüller Groups},
  date      = {2017},
  volume    = {1},
  series    = {Mathematical Surveys and Monographs},
  number    = {217},
  publisher = {Amer. Math. Soc.},
  location  = {Providence, RI},
  isbn      = {978-1-4704-3481-6},
  pages     = {xlvi+532},
  url       = {http://math.univ-lille1.fr/~fresse/OperadHomotopyBook/}
}

@Misc{KhoroshkinWillwacher2017,
  author     = {Khoroshkin, Anton and Willwacher, Thomas},
  title      = {Real models for the framed little n-disks operads},
  date       = {2017},
  eprint     = {1705.08108},
  eprinttype = {arXiv},
  note       = {Preprint}
}

@Misc{CamposWillwacher2016,
  author     = {Campos, Ricardo and Willwacher, Thomas},
  title      = {A model for configuration spaces of points},
  date       = {2016},
  eprint     = {1604.02043},
  eprinttype = {arXiv},
  note       = {Preprint}
}

@Article{SalvatoreWahl2003,
  author       = {Salvatore, Paolo and Wahl, Nathalie},
  title        = {Framed discs operads and Batalin--Vilkovisky algebras},
  journaltitle = {Q. J. Math.},
  date         = {2003},
  volume       = {54},
  number       = {2},
  pages        = {213--231},
  issn         = {0033-5606},
  doi          = {10.1093/qjmath/54.2.213},
  fjournal     = {The Quarterly Journal of Mathematics}
}

@Article{FultonMacPherson1994,
  author       = {Fulton, William and MacPherson, Robert},
  title        = {A compactification of configuration spaces},
  journaltitle = {Ann. of Math. (2)},
  date         = {1994},
  volume       = {139},
  number       = {1},
  pages        = {183--225},
  issn         = {0003-486X},
  doi          = {10.2307/2946631},
  coden        = {ANMAAH},
  fjournal     = {Annals of Mathematics. Second Series}
}

@Article{DolgushevTamarkinTsygan2011,
  author       = {Dolgushev, Vasily A. and Tamarkin, Dmity E. and Tsygan, Boris L.},
  title        = {Proof of Swiss cheese version of Deligne's conjecture},
  journaltitle = {Int. Math. Res. Not. IMRN},
  date         = {2011},
  volume       = {2011},
  number       = {20},
  pages        = {4666--4746},
  issn         = {1073-7928},
  doi          = {10.1093/imrn/rnq265},
  eprint       = {0904.2753},
  eprinttype   = {arXiv},
  fjournal     = {International Mathematics Research Notices. IMRN}
}

@Incollection{KontsevichSoibelman2000,
  author     = {Kontsevich, Maxim and Soibelman, Yan},
  title      = {Deformations of algebras over operads and the Deligne conjecture},
  booktitle  = {Conférence Moshé Flato 1999, Vol. I (Dijon)},
  date       = {2000},
  publisher  = {Kluwer Acad. Publ.},
  pages      = {255--307},
  eprint     = {math/0001151},
  eprinttype = {arXiv},
  series     = {Math. Phys. Stud.},
  number     = {21},
  location   = {Dordrecht}
}

@Article{Epstein1966,
  author       = {Epstein, David B. A.},
  title        = {Functors between tensored categories},
  journaltitle = {Invent. Math.},
  date         = {1966},
  volume       = {1},
  number       = {3},
  pages        = {221--228},
  issn         = {0020-9910},
  doi          = {10.1007/BF01452242},
  fjournal     = {Inventiones Mathematicae},
  publisher    = {Springer Verlag}
}

@Article{Drinfeld1990,
  author       = {Drinfel'd, Vladimir G.},
  title        = {On quasitriangular quasi-Hopf algebras and on a group that is closely connected with {$\mathrm{Gal}(\overline{\mathbb{Q}}/\mathbb{Q})$}},
  journaltitle = {Algebra i Analiz},
  date         = {1990},
  volume       = {2},
  number       = {4},
  pages        = {149--181},
  issn         = {0234-0852},
  fjournal     = {Algebra i Analiz}
}

@Article{LambrechtsTurchinVolic2010,
  author       = {Lambrechts, Pascal and Turchin, Victor and Volić, Ismar},
  title        = {The rational homology of spaces of long knots in codimension >2},
  journaltitle = {Geom. Topol.},
  date         = {2010},
  volume       = {14},
  number       = {4},
  pages        = {2151--2187},
  issn         = {1465-3060},
  doi          = {10.2140/gt.2010.14.2151},
  eprint       = {math/0703649},
  eprinttype   = {arXiv},
  fjournal     = {Geometry & Topology}
}

@Misc{Willwacher2015a,
  author     = {Willwacher, Thomas},
  title      = {Models for the n-Swiss Cheese operads},
  date       = {2015},
  eprint     = {1506.07021},
  eprinttype = {arXiv},
  note       = {Preprint}
}

@Misc{Fiedorowicz,
  author = {Fiedorowicz, Zbigniew},
  title  = {The symmetric bar construction},
  date   = {1996},
  url    = {https://people.math.osu.edu/fiedorowicz.1/symbar.ps.gz},
  note   = {Preprint}
}

@Online{nlab,
  author  = {nLab},
  title   = {Drinfeld center},
  date    = {2016},
  url     = {https://ncatlab.org/nlab/show/Drinfeld+center},
  urldate = {2017-11-06}
}

@Inproceedings{Drinfeld1987,
  author    = {Drinfel'd, Vladimir G.},
  title     = {Quantum groups},
  booktitle = {Proceedings of the {I}nternational {C}ongress of {M}athematicians, {V}ol. 1, 2 ({B}erkeley, {C}alif., 1986)},
  date      = {1987},
  publisher = {Amer. Math. Soc.},
  pages     = {798--820},
  location  = {Providence, RI}
}

@Comment{jabref-meta: databaseType:biblatex;}
